
% PROXY VARIABLES / DATA FUSION %%%%%%%%%%%%%%%%%%%%%%%%%%%%%%%%%%%%%%%%%%%%%%%

@article{zhang2015proxy,
  title={On proxy variables and categorical data fusion},
  author={Zhang, Li-Chun},
  journal={Journal of official statistics},
  volume={31},
  number={4},
  pages={783--807},
  year={2015}
}


% ERROR AND BIAS %%%%%%%%%%%%%%%%%%%%%%%%%%%%%%%%%%%%%%%%%%%%%%%%%%%%%%%%%%%%%%

@article{weiss1996approach,
  title={An approach to Bayesian sensitivity analysis},
  author={Weiss, Robert},
  journal={Journal of the Royal Statistical Society: Series B (Methodological)},
  volume={58},
  number={4},
  pages={739--750},
  year={1996},
  publisher={Wiley Online Library}
}
